@misc{mohammad_ali_a_rabi_2021_4749276,
  author       = {Mohammad-Ali A'r\^abi},
  title        = {aerabi/lttt: {DOI} Initial Release, v0.1.0},
  month        = may,
  year         = 2021,
  publisher    = {Zenodo},
  version      = {v0.1.0},
  doi          = {10.5281/zenodo.4749276},
  url          = {https://doi.org/10.5281/zenodo.4749276}
}

@misc{aerabi_2020, title={Keeping Original Value When Transforming in {RxJS}}, url={https://itnext.io/keeping-original-value-when-transforming-in-rxjs-f4650e12c4cf}, journal={Medium}, publisher={ITNEXT}, author={A'r√¢bi, Mohammad-Ali}, year={2020}, month={Feb}}