@article{bromley1993siamesesignature,
  title={Signature verification using a “Siamese” time delay neural network},
  author={Bromley, Jane and Bentz, James W and Bottou, L{\'e}on and Guyon, Isabelle and LeCun, Yann and Moore, Cliff and S{\"a}ckinger, Eduard and Shah, Roopak},
  journal={International Journal of Pattern Recognition and Artificial Intelligence},
  volume={7},
  number={04},
  pages={669--688},
  year={1993},
  publisher={World Scientific}
}


@article{kingma2014adam,
  title={Adam: A method for stochastic optimization},
  author={Kingma, Diederik and Ba, Jimmy},
  journal={arXiv preprint arXiv:1412.6980},
  year={2014}
}

% from this point on is mine

@article{DBLP:journals/jar/Chargueraud12,
  author    = {Arthur Chargu{\'{e}}raud},
  title     = {The Locally Nameless Representation},
  journal   = {J. Autom. Reason.},
  volume    = {49},
  number    = {3},
  pages     = {363--408},
  year      = {2012},
  url       = {https://doi.org/10.1007/s10817-011-9225-2},
  doi       = {10.1007/s10817-011-9225-2},
  timestamp = {Wed, 02 Sep 2020 13:30:05 +0200},
  biburl    = {https://dblp.org/rec/journals/jar/Chargueraud12.bib},
  bibsource = {dblp computer science bibliography, https://dblp.org}
}

@article{DBLP:journals/corr/abs-1112-1316,
  author    = {Emmanuel Polonowski},
  title     = {Generic Environments in Coq},
  journal   = {CoRR},
  volume    = {abs/1112.1316},
  year      = {2011},
  url       = {http://arxiv.org/abs/1112.1316},
  archivePrefix = {arXiv},
  eprint    = {1112.1316},
  timestamp = {Mon, 13 Aug 2018 16:47:32 +0200},
  biburl    = {https://dblp.org/rec/journals/corr/abs-1112-1316.bib},
  bibsource = {dblp computer science bibliography, https://dblp.org}
}